%YAML 1.1
%TAG !u! tag:unity3d.com,2011:
--- !u!29 &1
SceneSettings:
  m_ObjectHideFlags: 0
  m_PVSData: 
  m_PVSObjectsArray: []
  m_PVSPortalsArray: []
  m_OcclusionBakeSettings:
    smallestOccluder: 5
    smallestHole: 0.25
    backfaceThreshold: 100
--- !u!104 &2
RenderSettings:
  m_ObjectHideFlags: 0
  serializedVersion: 6
  m_Fog: 0
  m_FogColor: {r: 0.5, g: 0.5, b: 0.5, a: 1}
  m_FogMode: 3
  m_FogDensity: 0.01
  m_LinearFogStart: 0
  m_LinearFogEnd: 300
  m_AmbientSkyColor: {r: 0.16349481, g: 0.28027686, b: 0.5294118, a: 1}
  m_AmbientEquatorColor: {r: 0.114, g: 0.125, b: 0.133, a: 1}
  m_AmbientGroundColor: {r: 0.047, g: 0.043, b: 0.035, a: 1}
  m_AmbientIntensity: 1
  m_AmbientMode: 3
  m_SkyboxMaterial: {fileID: 10304, guid: 0000000000000000f000000000000000, type: 0}
  m_HaloStrength: 0.5
  m_FlareStrength: 1
  m_FlareFadeSpeed: 3
  m_HaloTexture: {fileID: 0}
  m_SpotCookie: {fileID: 10001, guid: 0000000000000000e000000000000000, type: 0}
  m_DefaultReflectionMode: 0
  m_DefaultReflectionResolution: 128
  m_ReflectionBounces: 1
  m_ReflectionIntensity: 1
  m_CustomReflection: {fileID: 0}
  m_Sun: {fileID: 0}
--- !u!157 &3
LightmapSettings:
  m_ObjectHideFlags: 0
  serializedVersion: 6
  m_GIWorkflowMode: 1
  m_LightmapsMode: 1
  m_GISettings:
    serializedVersion: 2
    m_BounceScale: 1
    m_IndirectOutputScale: 1
    m_AlbedoBoost: 1
    m_TemporalCoherenceThreshold: 1
    m_EnvironmentLightingMode: 0
    m_EnableBakedLightmaps: 1
    m_EnableRealtimeLightmaps: 1
  m_LightmapEditorSettings:
    serializedVersion: 3
    m_Resolution: 2
    m_BakeResolution: 40
    m_TextureWidth: 1024
    m_TextureHeight: 1024
    m_AOMaxDistance: 1
    m_Padding: 2
    m_CompAOExponent: 0
    m_LightmapParameters: {fileID: 0}
    m_TextureCompression: 1
    m_FinalGather: 0
    m_FinalGatherRayCount: 1024
    m_ReflectionCompression: 2
  m_LightingDataAsset: {fileID: 0}
  m_RuntimeCPUUsage: 25
--- !u!196 &4
NavMeshSettings:
  serializedVersion: 2
  m_ObjectHideFlags: 0
  m_BuildSettings:
    serializedVersion: 2
    agentRadius: 0.5
    agentHeight: 2
    agentSlope: 45
    agentClimb: 0.4
    ledgeDropHeight: 0
    maxJumpAcrossDistance: 0
    accuratePlacement: 0
    minRegionArea: 2
    cellSize: 0.16666667
    manualCellSize: 0
  m_NavMeshData: {fileID: 0}
--- !u!1001 &7446945
Prefab:
  m_ObjectHideFlags: 0
  serializedVersion: 2
  m_Modification:
    m_TransformParent: {fileID: 0}
    m_Modifications:
    - target: {fileID: 11498838, guid: 08e676be48da1894baf63d092f360164, type: 2}
      propertyPath: gods.Array.size
      value: 3
      objectReference: {fileID: 0}
    - target: {fileID: 416650, guid: 08e676be48da1894baf63d092f360164, type: 2}
      propertyPath: m_LocalPosition.x
      value: -27.2
      objectReference: {fileID: 0}
    - target: {fileID: 416650, guid: 08e676be48da1894baf63d092f360164, type: 2}
      propertyPath: m_LocalPosition.y
      value: 2.4
      objectReference: {fileID: 0}
    - target: {fileID: 416650, guid: 08e676be48da1894baf63d092f360164, type: 2}
      propertyPath: m_LocalPosition.z
      value: 0
      objectReference: {fileID: 0}
    - target: {fileID: 416650, guid: 08e676be48da1894baf63d092f360164, type: 2}
      propertyPath: m_LocalRotation.x
      value: 0
      objectReference: {fileID: 0}
    - target: {fileID: 416650, guid: 08e676be48da1894baf63d092f360164, type: 2}
      propertyPath: m_LocalRotation.y
      value: 0.7071068
      objectReference: {fileID: 0}
    - target: {fileID: 416650, guid: 08e676be48da1894baf63d092f360164, type: 2}
      propertyPath: m_LocalRotation.z
      value: 0
      objectReference: {fileID: 0}
    - target: {fileID: 416650, guid: 08e676be48da1894baf63d092f360164, type: 2}
      propertyPath: m_LocalRotation.w
      value: 0.7071067
      objectReference: {fileID: 0}
    - target: {fileID: 416650, guid: 08e676be48da1894baf63d092f360164, type: 2}
      propertyPath: m_RootOrder
      value: 0
      objectReference: {fileID: 0}
    - target: {fileID: 11498838, guid: 08e676be48da1894baf63d092f360164, type: 2}
      propertyPath: audioSource
      value: 
      objectReference: {fileID: 584256918}
    - target: {fileID: 11498838, guid: 08e676be48da1894baf63d092f360164, type: 2}
      propertyPath: ambientSound
      value: 
      objectReference: {fileID: 1409424975}
    - target: {fileID: 11498838, guid: 08e676be48da1894baf63d092f360164, type: 2}
      propertyPath: backgrounds
      value: 
      objectReference: {fileID: 1139285170}
    - target: {fileID: 11498838, guid: 08e676be48da1894baf63d092f360164, type: 2}
      propertyPath: gods.Array.data[0]
      value: 
      objectReference: {fileID: 1176686444}
    - target: {fileID: 11498838, guid: 08e676be48da1894baf63d092f360164, type: 2}
      propertyPath: gods.Array.data[1]
      value: 
      objectReference: {fileID: 1176686443}
    - target: {fileID: 11498838, guid: 08e676be48da1894baf63d092f360164, type: 2}
      propertyPath: gods.Array.data[2]
      value: 
      objectReference: {fileID: 1176686442}
    m_RemovedComponents: []
  m_ParentPrefab: {fileID: 100100000, guid: 08e676be48da1894baf63d092f360164, type: 2}
  m_IsPrefabParent: 0
--- !u!1 &30326878
GameObject:
  m_ObjectHideFlags: 0
  m_PrefabParentObject: {fileID: 147156, guid: a02dee690487aa043a0dc4c927bc127a, type: 2}
  m_PrefabInternal: {fileID: 0}
  serializedVersion: 4
  m_Component:
  - 224: {fileID: 30326879}
  m_Layer: 5
  m_Name: Hud
  m_TagString: Untagged
  m_Icon: {fileID: 0}
  m_NavMeshLayer: 0
  m_StaticEditorFlags: 0
  m_IsActive: 1
--- !u!224 &30326879
RectTransform:
  m_ObjectHideFlags: 0
  m_PrefabParentObject: {fileID: 22448356, guid: a02dee690487aa043a0dc4c927bc127a,
    type: 2}
  m_PrefabInternal: {fileID: 0}
  m_GameObject: {fileID: 30326878}
  m_LocalRotation: {x: 0, y: 0, z: 0, w: 1}
  m_LocalPosition: {x: 0, y: 0, z: 0}
  m_LocalScale: {x: 1, y: 1, z: 1}
  m_Children:
  - {fileID: 1031010445}
  m_Father: {fileID: 1827516147}
  m_RootOrder: 4
  m_AnchorMin: {x: 0, y: 0}
  m_AnchorMax: {x: 1, y: 1}
  m_AnchoredPosition: {x: 0, y: 0}
  m_SizeDelta: {x: 0, y: 0}
  m_Pivot: {x: 0.5, y: 0.5}
--- !u!1 &231532851 stripped
GameObject:
  m_PrefabParentObject: {fileID: 104108, guid: 1d44b533cc1d7bb44a48b49b91bd9c37, type: 2}
  m_PrefabInternal: {fileID: 808742136}
--- !u!81 &231532853
AudioListener:
  m_ObjectHideFlags: 0
  m_PrefabParentObject: {fileID: 0}
  m_PrefabInternal: {fileID: 0}
  m_GameObject: {fileID: 231532851}
  m_Enabled: 1
--- !u!1 &232645230
GameObject:
  m_ObjectHideFlags: 0
  m_PrefabParentObject: {fileID: 129902, guid: a02dee690487aa043a0dc4c927bc127a, type: 2}
  m_PrefabInternal: {fileID: 0}
  serializedVersion: 4
  m_Component:
  - 224: {fileID: 232645231}
  - 222: {fileID: 232645232}
  - 114: {fileID: 1626083922}
  m_Layer: 5
  m_Name: Text
  m_TagString: Untagged
  m_Icon: {fileID: 0}
  m_NavMeshLayer: 0
  m_StaticEditorFlags: 0
  m_IsActive: 1
--- !u!224 &232645231
RectTransform:
  m_ObjectHideFlags: 0
  m_PrefabParentObject: {fileID: 22492352, guid: a02dee690487aa043a0dc4c927bc127a,
    type: 2}
  m_PrefabInternal: {fileID: 0}
  m_GameObject: {fileID: 232645230}
  m_LocalRotation: {x: 0, y: 0, z: 0, w: 1}
  m_LocalPosition: {x: 0, y: 0, z: 0}
  m_LocalScale: {x: 1, y: 1, z: 1}
  m_Children: []
  m_Father: {fileID: 1827516147}
  m_RootOrder: 1
  m_AnchorMin: {x: 0.5, y: 0.5}
  m_AnchorMax: {x: 0.5, y: 0.5}
  m_AnchoredPosition: {x: -5, y: 92}
  m_SizeDelta: {x: 914, y: 285}
  m_Pivot: {x: 0.5, y: 0.5}
--- !u!222 &232645232
CanvasRenderer:
  m_ObjectHideFlags: 0
  m_PrefabParentObject: {fileID: 22287050, guid: a02dee690487aa043a0dc4c927bc127a,
    type: 2}
  m_PrefabInternal: {fileID: 0}
  m_GameObject: {fileID: 232645230}
--- !u!1 &272009647 stripped
GameObject:
  m_PrefabParentObject: {fileID: 151852, guid: 1d44b533cc1d7bb44a48b49b91bd9c37, type: 2}
  m_PrefabInternal: {fileID: 808742136}
--- !u!81 &272009649
AudioListener:
  m_ObjectHideFlags: 0
  m_PrefabParentObject: {fileID: 0}
  m_PrefabInternal: {fileID: 0}
  m_GameObject: {fileID: 272009647}
  m_Enabled: 1
--- !u!1001 &297132688
Prefab:
  m_ObjectHideFlags: 0
  serializedVersion: 2
  m_Modification:
    m_TransformParent: {fileID: 0}
    m_Modifications:
    - target: {fileID: 476822, guid: b0a397238120cdb42b2fc09e25f47ad2, type: 2}
      propertyPath: m_LocalPosition.x
      value: 508
      objectReference: {fileID: 0}
    - target: {fileID: 476822, guid: b0a397238120cdb42b2fc09e25f47ad2, type: 2}
      propertyPath: m_LocalPosition.y
      value: 0.05614662
      objectReference: {fileID: 0}
    - target: {fileID: 476822, guid: b0a397238120cdb42b2fc09e25f47ad2, type: 2}
      propertyPath: m_LocalPosition.z
      value: 1.3597176
      objectReference: {fileID: 0}
    - target: {fileID: 476822, guid: b0a397238120cdb42b2fc09e25f47ad2, type: 2}
      propertyPath: m_LocalRotation.x
      value: 0
      objectReference: {fileID: 0}
    - target: {fileID: 476822, guid: b0a397238120cdb42b2fc09e25f47ad2, type: 2}
      propertyPath: m_LocalRotation.y
      value: 0
      objectReference: {fileID: 0}
    - target: {fileID: 476822, guid: b0a397238120cdb42b2fc09e25f47ad2, type: 2}
      propertyPath: m_LocalRotation.z
      value: 0
      objectReference: {fileID: 0}
    - target: {fileID: 476822, guid: b0a397238120cdb42b2fc09e25f47ad2, type: 2}
      propertyPath: m_LocalRotation.w
      value: 1
      objectReference: {fileID: 0}
    - target: {fileID: 476822, guid: b0a397238120cdb42b2fc09e25f47ad2, type: 2}
      propertyPath: m_RootOrder
      value: 5
      objectReference: {fileID: 0}
    - target: {fileID: 11405996, guid: b0a397238120cdb42b2fc09e25f47ad2, type: 2}
      propertyPath: startLabel
      value: 
      objectReference: {fileID: 1626083922}
    - target: {fileID: 11405996, guid: b0a397238120cdb42b2fc09e25f47ad2, type: 2}
      propertyPath: pressToStartImage
      value: 
      objectReference: {fileID: 338243499}
    m_RemovedComponents: []
  m_ParentPrefab: {fileID: 100100000, guid: b0a397238120cdb42b2fc09e25f47ad2, type: 2}
  m_IsPrefabParent: 0
--- !u!1 &304565062
GameObject:
  m_ObjectHideFlags: 0
  m_PrefabParentObject: {fileID: 166682, guid: a02dee690487aa043a0dc4c927bc127a, type: 2}
  m_PrefabInternal: {fileID: 0}
  serializedVersion: 4
  m_Component:
  - 224: {fileID: 304565063}
  - 222: {fileID: 304565065}
  - 114: {fileID: 304565064}
  m_Layer: 5
  m_Name: Image
  m_TagString: Untagged
  m_Icon: {fileID: 0}
  m_NavMeshLayer: 0
  m_StaticEditorFlags: 0
  m_IsActive: 1
--- !u!224 &304565063
RectTransform:
  m_ObjectHideFlags: 0
  m_PrefabParentObject: {fileID: 22435694, guid: a02dee690487aa043a0dc4c927bc127a,
    type: 2}
  m_PrefabInternal: {fileID: 0}
  m_GameObject: {fileID: 304565062}
  m_LocalRotation: {x: 0, y: 0, z: 0, w: 1}
  m_LocalPosition: {x: 0, y: 0, z: 0}
  m_LocalScale: {x: 1, y: 1, z: 1}
  m_Children: []
  m_Father: {fileID: 338243500}
  m_RootOrder: 0
  m_AnchorMin: {x: 0.5, y: 0.5}
  m_AnchorMax: {x: 0.5, y: 0.5}
  m_AnchoredPosition: {x: 0, y: 0}
  m_SizeDelta: {x: 402.4, y: 239}
  m_Pivot: {x: 0.5, y: 0.5}
--- !u!114 &304565064
MonoBehaviour:
  m_ObjectHideFlags: 0
  m_PrefabParentObject: {fileID: 11492466, guid: a02dee690487aa043a0dc4c927bc127a,
    type: 2}
  m_PrefabInternal: {fileID: 0}
  m_GameObject: {fileID: 304565062}
  m_Enabled: 1
  m_EditorHideFlags: 0
  m_Script: {fileID: -765806418, guid: f5f67c52d1564df4a8936ccd202a3bd8, type: 3}
  m_Name: 
  m_EditorClassIdentifier: 
  m_Material: {fileID: 0}
  m_Color: {r: 1, g: 1, b: 1, a: 1}
  m_RaycastTarget: 1
  m_OnCullStateChanged:
    m_PersistentCalls:
      m_Calls: []
    m_TypeName: UnityEngine.UI.MaskableGraphic+CullStateChangedEvent, UnityEngine.UI,
      Version=1.0.0.0, Culture=neutral, PublicKeyToken=null
  m_Sprite: {fileID: 21300000, guid: cb2a4d2a50248fd44873b4e24cbbc03e, type: 3}
  m_Type: 0
  m_PreserveAspect: 0
  m_FillCenter: 1
  m_FillMethod: 4
  m_FillAmount: 1
  m_FillClockwise: 1
  m_FillOrigin: 0
--- !u!222 &304565065
CanvasRenderer:
  m_ObjectHideFlags: 0
  m_PrefabParentObject: {fileID: 22205244, guid: a02dee690487aa043a0dc4c927bc127a,
    type: 2}
  m_PrefabInternal: {fileID: 0}
  m_GameObject: {fileID: 304565062}
--- !u!1 &338243499
GameObject:
  m_ObjectHideFlags: 0
  m_PrefabParentObject: {fileID: 134348, guid: a02dee690487aa043a0dc4c927bc127a, type: 2}
  m_PrefabInternal: {fileID: 0}
  serializedVersion: 4
  m_Component:
  - 224: {fileID: 338243500}
  - 95: {fileID: 338243501}
  m_Layer: 5
  m_Name: PressToStart
  m_TagString: Untagged
  m_Icon: {fileID: 0}
  m_NavMeshLayer: 0
  m_StaticEditorFlags: 0
  m_IsActive: 1
--- !u!224 &338243500
RectTransform:
  m_ObjectHideFlags: 0
  m_PrefabParentObject: {fileID: 22416234, guid: a02dee690487aa043a0dc4c927bc127a,
    type: 2}
  m_PrefabInternal: {fileID: 0}
  m_GameObject: {fileID: 338243499}
  m_LocalRotation: {x: 0, y: 0, z: 0, w: 1}
  m_LocalPosition: {x: 0, y: 0, z: 0}
  m_LocalScale: {x: 1, y: 1, z: 1}
  m_Children:
  - {fileID: 304565063}
  m_Father: {fileID: 1827516147}
  m_RootOrder: 2
  m_AnchorMin: {x: 0, y: 0}
  m_AnchorMax: {x: 1, y: 1}
  m_AnchoredPosition: {x: 0, y: 0}
  m_SizeDelta: {x: 0, y: 0}
  m_Pivot: {x: 0.5, y: 0.5}
--- !u!95 &338243501
Animator:
  serializedVersion: 3
  m_ObjectHideFlags: 0
  m_PrefabParentObject: {fileID: 9520894, guid: a02dee690487aa043a0dc4c927bc127a,
    type: 2}
  m_PrefabInternal: {fileID: 0}
  m_GameObject: {fileID: 338243499}
  m_Enabled: 1
  m_Avatar: {fileID: 0}
  m_Controller: {fileID: 9100000, guid: 22f8e00d80c32a246a9a90d8c6a9ef60, type: 2}
  m_CullingMode: 0
  m_UpdateMode: 0
  m_ApplyRootMotion: 0
  m_LinearVelocityBlending: 0
  m_WarningMessage: 
  m_HasTransformHierarchy: 1
  m_AllowConstantClipSamplingOptimization: 1
--- !u!4 &355331679 stripped
Transform:
  m_PrefabParentObject: {fileID: 416650, guid: 08e676be48da1894baf63d092f360164, type: 2}
  m_PrefabInternal: {fileID: 7446945}
--- !u!1 &461501972
GameObject:
  m_ObjectHideFlags: 0
  m_PrefabParentObject: {fileID: 154130, guid: a02dee690487aa043a0dc4c927bc127a, type: 2}
  m_PrefabInternal: {fileID: 0}
  serializedVersion: 4
  m_Component:
  - 224: {fileID: 461501973}
  - 222: {fileID: 461501975}
  - 114: {fileID: 461501974}
  m_Layer: 5
  m_Name: Top
  m_TagString: Untagged
  m_Icon: {fileID: 0}
  m_NavMeshLayer: 0
  m_StaticEditorFlags: 0
  m_IsActive: 1
--- !u!224 &461501973
RectTransform:
  m_ObjectHideFlags: 0
  m_PrefabParentObject: {fileID: 22451554, guid: a02dee690487aa043a0dc4c927bc127a,
    type: 2}
  m_PrefabInternal: {fileID: 0}
  m_GameObject: {fileID: 461501972}
  m_LocalRotation: {x: 0, y: 0, z: 0, w: 1}
  m_LocalPosition: {x: 0, y: 0, z: 0}
  m_LocalScale: {x: 1, y: 1, z: 1}
  m_Children: []
  m_Father: {fileID: 1696381836}
  m_RootOrder: 0
  m_AnchorMin: {x: 0, y: 1}
  m_AnchorMax: {x: 1, y: 1}
  m_AnchoredPosition: {x: 0, y: 0}
  m_SizeDelta: {x: 0, y: 100}
  m_Pivot: {x: 0.5, y: 1}
--- !u!114 &461501974
MonoBehaviour:
  m_ObjectHideFlags: 0
  m_PrefabParentObject: {fileID: 11413954, guid: a02dee690487aa043a0dc4c927bc127a,
    type: 2}
  m_PrefabInternal: {fileID: 0}
  m_GameObject: {fileID: 461501972}
  m_Enabled: 1
  m_EditorHideFlags: 0
  m_Script: {fileID: -765806418, guid: f5f67c52d1564df4a8936ccd202a3bd8, type: 3}
  m_Name: 
  m_EditorClassIdentifier: 
  m_Material: {fileID: 0}
  m_Color: {r: 0, g: 0, b: 0, a: 1}
  m_RaycastTarget: 1
  m_OnCullStateChanged:
    m_PersistentCalls:
      m_Calls: []
    m_TypeName: UnityEngine.UI.MaskableGraphic+CullStateChangedEvent, UnityEngine.UI,
      Version=1.0.0.0, Culture=neutral, PublicKeyToken=null
  m_Sprite: {fileID: 0}
  m_Type: 0
  m_PreserveAspect: 0
  m_FillCenter: 1
  m_FillMethod: 4
  m_FillAmount: 1
  m_FillClockwise: 1
  m_FillOrigin: 0
--- !u!222 &461501975
CanvasRenderer:
  m_ObjectHideFlags: 0
  m_PrefabParentObject: {fileID: 22210578, guid: a02dee690487aa043a0dc4c927bc127a,
    type: 2}
  m_PrefabInternal: {fileID: 0}
  m_GameObject: {fileID: 461501972}
--- !u!1 &468820720
GameObject:
  m_ObjectHideFlags: 0
  m_PrefabParentObject: {fileID: 0}
  m_PrefabInternal: {fileID: 0}
  serializedVersion: 4
  m_Component:
  - 4: {fileID: 468820723}
  - 114: {fileID: 468820722}
  - 114: {fileID: 468820721}
  m_Layer: 0
  m_Name: EventSystem
  m_TagString: Untagged
  m_Icon: {fileID: 0}
  m_NavMeshLayer: 0
  m_StaticEditorFlags: 0
  m_IsActive: 1
--- !u!114 &468820721
MonoBehaviour:
  m_ObjectHideFlags: 0
  m_PrefabParentObject: {fileID: 0}
  m_PrefabInternal: {fileID: 0}
  m_GameObject: {fileID: 468820720}
  m_Enabled: 1
  m_EditorHideFlags: 0
  m_Script: {fileID: 1077351063, guid: f5f67c52d1564df4a8936ccd202a3bd8, type: 3}
  m_Name: 
  m_EditorClassIdentifier: 
  m_HorizontalAxis: Horizontal
  m_VerticalAxis: Vertical
  m_SubmitButton: Submit
  m_CancelButton: Cancel
  m_InputActionsPerSecond: 10
  m_RepeatDelay: 0.5
  m_ForceModuleActive: 0
--- !u!114 &468820722
MonoBehaviour:
  m_ObjectHideFlags: 0
  m_PrefabParentObject: {fileID: 0}
  m_PrefabInternal: {fileID: 0}
  m_GameObject: {fileID: 468820720}
  m_Enabled: 1
  m_EditorHideFlags: 0
  m_Script: {fileID: -619905303, guid: f5f67c52d1564df4a8936ccd202a3bd8, type: 3}
  m_Name: 
  m_EditorClassIdentifier: 
  m_FirstSelected: {fileID: 0}
  m_sendNavigationEvents: 1
  m_DragThreshold: 5
--- !u!4 &468820723
Transform:
  m_ObjectHideFlags: 0
  m_PrefabParentObject: {fileID: 0}
  m_PrefabInternal: {fileID: 0}
  m_GameObject: {fileID: 468820720}
  m_LocalRotation: {x: 0, y: 0, z: 0, w: 1}
  m_LocalPosition: {x: 0, y: 0, z: 0}
  m_LocalScale: {x: 1, y: 1, z: 1}
  m_Children: []
  m_Father: {fileID: 0}
  m_RootOrder: 7
--- !u!1 &523912393
GameObject:
  m_ObjectHideFlags: 0
  m_PrefabParentObject: {fileID: 187484, guid: a02dee690487aa043a0dc4c927bc127a, type: 2}
  m_PrefabInternal: {fileID: 0}
  serializedVersion: 4
  m_Component:
  - 224: {fileID: 523912394}
  m_Layer: 5
  m_Name: End
  m_TagString: Untagged
  m_Icon: {fileID: 0}
  m_NavMeshLayer: 0
  m_StaticEditorFlags: 0
  m_IsActive: 1
--- !u!224 &523912394
RectTransform:
  m_ObjectHideFlags: 0
  m_PrefabParentObject: {fileID: 22445212, guid: a02dee690487aa043a0dc4c927bc127a,
    type: 2}
  m_PrefabInternal: {fileID: 0}
  m_GameObject: {fileID: 523912393}
  m_LocalRotation: {x: 0, y: 0, z: 0, w: 1}
  m_LocalPosition: {x: 0, y: 0, z: 0}
  m_LocalScale: {x: 1, y: 1, z: 1}
  m_Children: []
  m_Father: {fileID: 1827516147}
  m_RootOrder: 6
  m_AnchorMin: {x: 0.5, y: 0.5}
  m_AnchorMax: {x: 0.5, y: 0.5}
  m_AnchoredPosition: {x: -0.000061035156, y: -0.000015258789}
  m_SizeDelta: {x: 100, y: 100}
  m_Pivot: {x: 0.5, y: 0.5}
--- !u!1 &584256912
GameObject:
  m_ObjectHideFlags: 0
  m_PrefabParentObject: {fileID: 153274, guid: 12af2dd1a6025a147b633a79aeb1b923, type: 2}
  m_PrefabInternal: {fileID: 0}
  serializedVersion: 4
  m_Component:
  - 4: {fileID: 584256917}
  - 20: {fileID: 584256916}
  - 92: {fileID: 584256915}
  - 124: {fileID: 584256914}
  - 81: {fileID: 584256913}
  - 82: {fileID: 584256918}
  m_Layer: 0
  m_Name: Main Camera
  m_TagString: MainCamera
  m_Icon: {fileID: 0}
  m_NavMeshLayer: 0
  m_StaticEditorFlags: 0
  m_IsActive: 1
--- !u!81 &584256913
AudioListener:
  m_ObjectHideFlags: 0
  m_PrefabParentObject: {fileID: 8187674, guid: 12af2dd1a6025a147b633a79aeb1b923,
    type: 2}
  m_PrefabInternal: {fileID: 0}
  m_GameObject: {fileID: 584256912}
  m_Enabled: 1
--- !u!124 &584256914
Behaviour:
  m_ObjectHideFlags: 0
  m_PrefabParentObject: {fileID: 12482844, guid: 12af2dd1a6025a147b633a79aeb1b923,
    type: 2}
  m_PrefabInternal: {fileID: 0}
  m_GameObject: {fileID: 584256912}
  m_Enabled: 1
--- !u!92 &584256915
Behaviour:
  m_ObjectHideFlags: 0
  m_PrefabParentObject: {fileID: 9268272, guid: 12af2dd1a6025a147b633a79aeb1b923,
    type: 2}
  m_PrefabInternal: {fileID: 0}
  m_GameObject: {fileID: 584256912}
  m_Enabled: 1
--- !u!20 &584256916
Camera:
  m_ObjectHideFlags: 0
  m_PrefabParentObject: {fileID: 2012882, guid: 12af2dd1a6025a147b633a79aeb1b923,
    type: 2}
  m_PrefabInternal: {fileID: 0}
  m_GameObject: {fileID: 584256912}
  m_Enabled: 1
  serializedVersion: 2
  m_ClearFlags: 1
  m_BackGroundColor: {r: 0.19215687, g: 0.3019608, b: 0.4745098, a: 0.019607844}
  m_NormalizedViewPortRect:
    serializedVersion: 2
    x: 0
    y: 0
    width: 1
    height: 1
  near clip plane: 0.3
  far clip plane: 1000
  field of view: 50
  orthographic: 0
  orthographic size: 5
  m_Depth: -1
  m_CullingMask:
    serializedVersion: 2
    m_Bits: 4294967295
  m_RenderingPath: -1
  m_TargetTexture: {fileID: 0}
  m_TargetDisplay: 0
  m_TargetEye: 3
  m_HDR: 0
  m_OcclusionCulling: 1
  m_StereoConvergence: 10
  m_StereoSeparation: 0.022
  m_StereoMirrorMode: 0
--- !u!4 &584256917
Transform:
  m_ObjectHideFlags: 0
  m_PrefabParentObject: {fileID: 463972, guid: 12af2dd1a6025a147b633a79aeb1b923, type: 2}
  m_PrefabInternal: {fileID: 0}
  m_GameObject: {fileID: 584256912}
  m_LocalRotation: {x: 0, y: 0, z: 0, w: 1}
  m_LocalPosition: {x: -10.59, y: 0, z: 0}
  m_LocalScale: {x: 1, y: 1, z: 1}
  m_Children: []
  m_Father: {fileID: 1015573129}
  m_RootOrder: 0
--- !u!82 &584256918
AudioSource:
  m_ObjectHideFlags: 0
  m_PrefabParentObject: {fileID: 0}
  m_PrefabInternal: {fileID: 0}
  m_GameObject: {fileID: 584256912}
  m_Enabled: 1
  serializedVersion: 4
  OutputAudioMixerGroup: {fileID: 0}
  m_audioClip: {fileID: 0}
  m_PlayOnAwake: 1
  m_Volume: 1
  m_Pitch: 1
  Loop: 0
  Mute: 0
  Spatialize: 0
  Priority: 128
  DopplerLevel: 1
  MinDistance: 1
  MaxDistance: 500
  Pan2D: 0
  rolloffMode: 0
  BypassEffects: 0
  BypassListenerEffects: 0
  BypassReverbZones: 0
  rolloffCustomCurve:
    serializedVersion: 2
    m_Curve:
    - time: 0
      value: 1
      inSlope: 0
      outSlope: 0
      tangentMode: 0
    - time: 1
      value: 0
      inSlope: 0
      outSlope: 0
      tangentMode: 0
    m_PreInfinity: 2
    m_PostInfinity: 2
    m_RotationOrder: 4
  panLevelCustomCurve:
    serializedVersion: 2
    m_Curve:
    - time: 0
      value: 0
      inSlope: 0
      outSlope: 0
      tangentMode: 0
    m_PreInfinity: 2
    m_PostInfinity: 2
    m_RotationOrder: 0
  spreadCustomCurve:
    serializedVersion: 2
    m_Curve:
    - time: 0
      value: 0
      inSlope: 0
      outSlope: 0
      tangentMode: 0
    m_PreInfinity: 2
    m_PostInfinity: 2
    m_RotationOrder: 0
  reverbZoneMixCustomCurve:
    serializedVersion: 2
    m_Curve:
    - time: 0
      value: 1
      inSlope: 0
      outSlope: 0
      tangentMode: 0
    m_PreInfinity: 2
    m_PostInfinity: 2
    m_RotationOrder: 0
--- !u!1001 &624633983
Prefab:
  m_ObjectHideFlags: 0
  serializedVersion: 2
  m_Modification:
    m_TransformParent: {fileID: 1139285171}
    m_Modifications:
    - target: {fileID: 400000, guid: 9f3c39d1dc850dd43af8a16737c288d0, type: 3}
      propertyPath: m_LocalPosition.x
      value: -49.5
      objectReference: {fileID: 0}
    - target: {fileID: 400000, guid: 9f3c39d1dc850dd43af8a16737c288d0, type: 3}
      propertyPath: m_LocalPosition.y
      value: 3.3
      objectReference: {fileID: 0}
    - target: {fileID: 400000, guid: 9f3c39d1dc850dd43af8a16737c288d0, type: 3}
      propertyPath: m_LocalPosition.z
      value: 10.7
      objectReference: {fileID: 0}
    - target: {fileID: 400000, guid: 9f3c39d1dc850dd43af8a16737c288d0, type: 3}
      propertyPath: m_LocalRotation.x
      value: 0
      objectReference: {fileID: 0}
    - target: {fileID: 400000, guid: 9f3c39d1dc850dd43af8a16737c288d0, type: 3}
      propertyPath: m_LocalRotation.y
      value: 1
      objectReference: {fileID: 0}
    - target: {fileID: 400000, guid: 9f3c39d1dc850dd43af8a16737c288d0, type: 3}
      propertyPath: m_LocalRotation.z
      value: 0
      objectReference: {fileID: 0}
    - target: {fileID: 400000, guid: 9f3c39d1dc850dd43af8a16737c288d0, type: 3}
      propertyPath: m_LocalRotation.w
      value: -0.00000016292068
      objectReference: {fileID: 0}
    - target: {fileID: 400000, guid: 9f3c39d1dc850dd43af8a16737c288d0, type: 3}
      propertyPath: m_RootOrder
      value: 0
      objectReference: {fileID: 0}
    - target: {fileID: 400000, guid: 9f3c39d1dc850dd43af8a16737c288d0, type: 3}
      propertyPath: m_LocalScale.x
      value: 30.790104
      objectReference: {fileID: 0}
    - target: {fileID: 400000, guid: 9f3c39d1dc850dd43af8a16737c288d0, type: 3}
      propertyPath: m_LocalScale.y
      value: 30.790102
      objectReference: {fileID: 0}
    - target: {fileID: 400000, guid: 9f3c39d1dc850dd43af8a16737c288d0, type: 3}
      propertyPath: m_LocalScale.z
      value: 30.790102
      objectReference: {fileID: 0}
    - target: {fileID: 400002, guid: 9f3c39d1dc850dd43af8a16737c288d0, type: 3}
      propertyPath: m_LocalScale.x
      value: 0.52341264
      objectReference: {fileID: 0}
    - target: {fileID: 400002, guid: 9f3c39d1dc850dd43af8a16737c288d0, type: 3}
      propertyPath: m_LocalScale.y
      value: 1.0844982
      objectReference: {fileID: 0}
    - target: {fileID: 400002, guid: 9f3c39d1dc850dd43af8a16737c288d0, type: 3}
      propertyPath: m_LocalScale.z
      value: 0.5234127
      objectReference: {fileID: 0}
    - target: {fileID: 400002, guid: 9f3c39d1dc850dd43af8a16737c288d0, type: 3}
      propertyPath: m_LocalPosition.y
      value: -0.005
      objectReference: {fileID: 0}
    - target: {fileID: 400004, guid: 9f3c39d1dc850dd43af8a16737c288d0, type: 3}
      propertyPath: m_LocalPosition.y
      value: -0.024
      objectReference: {fileID: 0}
    - target: {fileID: 400004, guid: 9f3c39d1dc850dd43af8a16737c288d0, type: 3}
      propertyPath: m_LocalScale.x
      value: 1.4552329
      objectReference: {fileID: 0}
    - target: {fileID: 400004, guid: 9f3c39d1dc850dd43af8a16737c288d0, type: 3}
      propertyPath: m_LocalScale.y
      value: 3.0152059
      objectReference: {fileID: 0}
    - target: {fileID: 400004, guid: 9f3c39d1dc850dd43af8a16737c288d0, type: 3}
      propertyPath: m_LocalScale.z
      value: 1.4552326
      objectReference: {fileID: 0}
    - target: {fileID: 400004, guid: 9f3c39d1dc850dd43af8a16737c288d0, type: 3}
      propertyPath: m_LocalPosition.x
      value: -3.24
      objectReference: {fileID: 0}
    - target: {fileID: 400004, guid: 9f3c39d1dc850dd43af8a16737c288d0, type: 3}
      propertyPath: m_LocalPosition.z
      value: -0.08
      objectReference: {fileID: 0}
    - target: {fileID: 400006, guid: 9f3c39d1dc850dd43af8a16737c288d0, type: 3}
      propertyPath: m_LocalPosition.y
      value: -0.034
      objectReference: {fileID: 0}
    - target: {fileID: 400002, guid: 9f3c39d1dc850dd43af8a16737c288d0, type: 3}
      propertyPath: m_LocalPosition.x
      value: -2.174
      objectReference: {fileID: 0}
    - target: {fileID: 400002, guid: 9f3c39d1dc850dd43af8a16737c288d0, type: 3}
      propertyPath: m_LocalPosition.z
      value: 0.308
      objectReference: {fileID: 0}
    - target: {fileID: 400006, guid: 9f3c39d1dc850dd43af8a16737c288d0, type: 3}
      propertyPath: m_LocalPosition.x
      value: -2.747
      objectReference: {fileID: 0}
    - target: {fileID: 400006, guid: 9f3c39d1dc850dd43af8a16737c288d0, type: 3}
      propertyPath: m_LocalPosition.z
      value: 0.014
      objectReference: {fileID: 0}
    - target: {fileID: 100000, guid: 9f3c39d1dc850dd43af8a16737c288d0, type: 3}
      propertyPath: m_Name
      value: Back Christ
      objectReference: {fileID: 0}
    - target: {fileID: 100004, guid: 9f3c39d1dc850dd43af8a16737c288d0, type: 3}
      propertyPath: m_IsActive
      value: 1
      objectReference: {fileID: 0}
    - target: {fileID: 100002, guid: 9f3c39d1dc850dd43af8a16737c288d0, type: 3}
      propertyPath: m_IsActive
      value: 1
      objectReference: {fileID: 0}
    m_RemovedComponents: []
  m_ParentPrefab: {fileID: 100100000, guid: 9f3c39d1dc850dd43af8a16737c288d0, type: 3}
  m_IsPrefabParent: 0
--- !u!4 &624633984 stripped
Transform:
  m_PrefabParentObject: {fileID: 400000, guid: 9f3c39d1dc850dd43af8a16737c288d0, type: 3}
  m_PrefabInternal: {fileID: 624633983}
--- !u!1 &624633985 stripped
GameObject:
  m_PrefabParentObject: {fileID: 100000, guid: 9f3c39d1dc850dd43af8a16737c288d0, type: 3}
  m_PrefabInternal: {fileID: 624633983}
--- !u!1001 &808742136
Prefab:
  m_ObjectHideFlags: 0
  serializedVersion: 2
  m_Modification:
    m_TransformParent: {fileID: 0}
    m_Modifications:
    - target: {fileID: 426404, guid: 1d44b533cc1d7bb44a48b49b91bd9c37, type: 2}
      propertyPath: m_LocalPosition.x
      value: 1165.145
      objectReference: {fileID: 0}
    - target: {fileID: 426404, guid: 1d44b533cc1d7bb44a48b49b91bd9c37, type: 2}
      propertyPath: m_LocalPosition.y
      value: 1726.832
      objectReference: {fileID: 0}
    - target: {fileID: 426404, guid: 1d44b533cc1d7bb44a48b49b91bd9c37, type: 2}
      propertyPath: m_LocalPosition.z
      value: -3923.3555
      objectReference: {fileID: 0}
    - target: {fileID: 426404, guid: 1d44b533cc1d7bb44a48b49b91bd9c37, type: 2}
      propertyPath: m_LocalRotation.x
      value: 0
      objectReference: {fileID: 0}
    - target: {fileID: 426404, guid: 1d44b533cc1d7bb44a48b49b91bd9c37, type: 2}
      propertyPath: m_LocalRotation.y
      value: 0
      objectReference: {fileID: 0}
    - target: {fileID: 426404, guid: 1d44b533cc1d7bb44a48b49b91bd9c37, type: 2}
      propertyPath: m_LocalRotation.z
      value: 0
      objectReference: {fileID: 0}
    - target: {fileID: 426404, guid: 1d44b533cc1d7bb44a48b49b91bd9c37, type: 2}
      propertyPath: m_LocalRotation.w
      value: 1
      objectReference: {fileID: 0}
    - target: {fileID: 426404, guid: 1d44b533cc1d7bb44a48b49b91bd9c37, type: 2}
      propertyPath: m_RootOrder
      value: 8
      objectReference: {fileID: 0}
    m_RemovedComponents: []
  m_ParentPrefab: {fileID: 100100000, guid: 1d44b533cc1d7bb44a48b49b91bd9c37, type: 2}
  m_IsPrefabParent: 0
--- !u!1 &827047752
GameObject:
  m_ObjectHideFlags: 0
  m_PrefabParentObject: {fileID: 0}
  m_PrefabInternal: {fileID: 0}
  serializedVersion: 4
  m_Component:
  - 4: {fileID: 827047756}
  - 33: {fileID: 827047755}
  - 23: {fileID: 827047753}
  - 65: {fileID: 827047754}
  m_Layer: 0
  m_Name: Ground
  m_TagString: Ground
  m_Icon: {fileID: 0}
  m_NavMeshLayer: 0
  m_StaticEditorFlags: 0
  m_IsActive: 1
--- !u!23 &827047753
MeshRenderer:
  m_ObjectHideFlags: 0
  m_PrefabParentObject: {fileID: 0}
  m_PrefabInternal: {fileID: 0}
  m_GameObject: {fileID: 827047752}
  m_Enabled: 1
  m_CastShadows: 1
  m_ReceiveShadows: 1
  m_Materials:
  - {fileID: 2100000, guid: bd83ad5667ac9e643803c9d8a19e0ed7, type: 2}
  m_SubsetIndices: 
  m_StaticBatchRoot: {fileID: 0}
  m_UseLightProbes: 1
  m_ReflectionProbeUsage: 1
  m_ProbeAnchor: {fileID: 0}
  m_ScaleInLightmap: 1
  m_PreserveUVs: 1
  m_IgnoreNormalsForChartDetection: 0
  m_ImportantGI: 0
  m_MinimumChartSize: 4
  m_AutoUVMaxDistance: 0.5
  m_AutoUVMaxAngle: 89
  m_LightmapParameters: {fileID: 0}
  m_SortingLayerID: 0
  m_SortingOrder: 0
--- !u!65 &827047754
BoxCollider:
  m_ObjectHideFlags: 0
  m_PrefabParentObject: {fileID: 0}
  m_PrefabInternal: {fileID: 0}
  m_GameObject: {fileID: 827047752}
  m_Material: {fileID: 0}
  m_IsTrigger: 1
  m_Enabled: 1
  serializedVersion: 2
  m_Size: {x: 1, y: 1, z: 1}
  m_Center: {x: 0, y: 0, z: 0}
--- !u!33 &827047755
MeshFilter:
  m_ObjectHideFlags: 0
  m_PrefabParentObject: {fileID: 0}
  m_PrefabInternal: {fileID: 0}
  m_GameObject: {fileID: 827047752}
  m_Mesh: {fileID: 10202, guid: 0000000000000000e000000000000000, type: 0}
--- !u!4 &827047756
Transform:
  m_ObjectHideFlags: 0
  m_PrefabParentObject: {fileID: 0}
  m_PrefabInternal: {fileID: 0}
  m_GameObject: {fileID: 827047752}
  m_LocalRotation: {x: 0, y: 0, z: 0, w: 1}
  m_LocalPosition: {x: 260, y: -4.76, z: 0}
  m_LocalScale: {x: 600, y: 9.517126, z: 2.0133998}
  m_Children: []
  m_Father: {fileID: 0}
  m_RootOrder: 3
--- !u!1001 &919323175
Prefab:
  m_ObjectHideFlags: 0
  serializedVersion: 2
  m_Modification:
    m_TransformParent: {fileID: 1139285171}
    m_Modifications:
    - target: {fileID: 400000, guid: 9f3c39d1dc850dd43af8a16737c288d0, type: 3}
      propertyPath: m_LocalPosition.x
      value: -49.5
      objectReference: {fileID: 0}
    - target: {fileID: 400000, guid: 9f3c39d1dc850dd43af8a16737c288d0, type: 3}
      propertyPath: m_LocalPosition.y
      value: 3.3
      objectReference: {fileID: 0}
    - target: {fileID: 400000, guid: 9f3c39d1dc850dd43af8a16737c288d0, type: 3}
      propertyPath: m_LocalPosition.z
      value: 10.7
      objectReference: {fileID: 0}
    - target: {fileID: 400000, guid: 9f3c39d1dc850dd43af8a16737c288d0, type: 3}
      propertyPath: m_LocalRotation.x
      value: 0
      objectReference: {fileID: 0}
    - target: {fileID: 400000, guid: 9f3c39d1dc850dd43af8a16737c288d0, type: 3}
      propertyPath: m_LocalRotation.y
      value: 1
      objectReference: {fileID: 0}
    - target: {fileID: 400000, guid: 9f3c39d1dc850dd43af8a16737c288d0, type: 3}
      propertyPath: m_LocalRotation.z
      value: 0
      objectReference: {fileID: 0}
    - target: {fileID: 400000, guid: 9f3c39d1dc850dd43af8a16737c288d0, type: 3}
      propertyPath: m_LocalRotation.w
      value: -0.00000016292068
      objectReference: {fileID: 0}
    - target: {fileID: 400000, guid: 9f3c39d1dc850dd43af8a16737c288d0, type: 3}
      propertyPath: m_RootOrder
      value: 2
      objectReference: {fileID: 0}
    - target: {fileID: 400000, guid: 9f3c39d1dc850dd43af8a16737c288d0, type: 3}
      propertyPath: m_LocalScale.x
      value: 30.790104
      objectReference: {fileID: 0}
    - target: {fileID: 400000, guid: 9f3c39d1dc850dd43af8a16737c288d0, type: 3}
      propertyPath: m_LocalScale.y
      value: 30.790102
      objectReference: {fileID: 0}
    - target: {fileID: 400000, guid: 9f3c39d1dc850dd43af8a16737c288d0, type: 3}
      propertyPath: m_LocalScale.z
      value: 30.790102
      objectReference: {fileID: 0}
    - target: {fileID: 400002, guid: 9f3c39d1dc850dd43af8a16737c288d0, type: 3}
      propertyPath: m_LocalScale.x
      value: 0.52341264
      objectReference: {fileID: 0}
    - target: {fileID: 400002, guid: 9f3c39d1dc850dd43af8a16737c288d0, type: 3}
      propertyPath: m_LocalScale.y
      value: 1.0844982
      objectReference: {fileID: 0}
    - target: {fileID: 400002, guid: 9f3c39d1dc850dd43af8a16737c288d0, type: 3}
      propertyPath: m_LocalScale.z
      value: 0.5234127
      objectReference: {fileID: 0}
    - target: {fileID: 400002, guid: 9f3c39d1dc850dd43af8a16737c288d0, type: 3}
      propertyPath: m_LocalPosition.y
      value: -0.005
      objectReference: {fileID: 0}
    - target: {fileID: 400004, guid: 9f3c39d1dc850dd43af8a16737c288d0, type: 3}
      propertyPath: m_LocalPosition.y
      value: -0.024
      objectReference: {fileID: 0}
    - target: {fileID: 400004, guid: 9f3c39d1dc850dd43af8a16737c288d0, type: 3}
      propertyPath: m_LocalScale.x
      value: 1.4552329
      objectReference: {fileID: 0}
    - target: {fileID: 400004, guid: 9f3c39d1dc850dd43af8a16737c288d0, type: 3}
      propertyPath: m_LocalScale.y
      value: 3.0152059
      objectReference: {fileID: 0}
    - target: {fileID: 400004, guid: 9f3c39d1dc850dd43af8a16737c288d0, type: 3}
      propertyPath: m_LocalScale.z
      value: 1.4552326
      objectReference: {fileID: 0}
    - target: {fileID: 400004, guid: 9f3c39d1dc850dd43af8a16737c288d0, type: 3}
      propertyPath: m_LocalPosition.x
      value: -2.747
      objectReference: {fileID: 0}
    - target: {fileID: 400004, guid: 9f3c39d1dc850dd43af8a16737c288d0, type: 3}
      propertyPath: m_LocalPosition.z
      value: -0.084
      objectReference: {fileID: 0}
    - target: {fileID: 400006, guid: 9f3c39d1dc850dd43af8a16737c288d0, type: 3}
      propertyPath: m_LocalPosition.y
      value: -0.034
      objectReference: {fileID: 0}
    - target: {fileID: 400002, guid: 9f3c39d1dc850dd43af8a16737c288d0, type: 3}
      propertyPath: m_LocalPosition.x
      value: -2.725
      objectReference: {fileID: 0}
    - target: {fileID: 400002, guid: 9f3c39d1dc850dd43af8a16737c288d0, type: 3}
      propertyPath: m_LocalPosition.z
      value: 0.308
      objectReference: {fileID: 0}
    - target: {fileID: 400006, guid: 9f3c39d1dc850dd43af8a16737c288d0, type: 3}
      propertyPath: m_LocalPosition.x
      value: -2.747
      objectReference: {fileID: 0}
    - target: {fileID: 400006, guid: 9f3c39d1dc850dd43af8a16737c288d0, type: 3}
      propertyPath: m_LocalPosition.z
      value: 0.014
      objectReference: {fileID: 0}
    - target: {fileID: 100000, guid: 9f3c39d1dc850dd43af8a16737c288d0, type: 3}
      propertyPath: m_Name
      value: Back Egypt
      objectReference: {fileID: 0}
    m_RemovedComponents: []
  m_ParentPrefab: {fileID: 100100000, guid: 9f3c39d1dc850dd43af8a16737c288d0, type: 3}
  m_IsPrefabParent: 0
--- !u!1 &919323176 stripped
GameObject:
  m_PrefabParentObject: {fileID: 100000, guid: 9f3c39d1dc850dd43af8a16737c288d0, type: 3}
  m_PrefabInternal: {fileID: 919323175}
--- !u!4 &919323177 stripped
Transform:
  m_PrefabParentObject: {fileID: 400000, guid: 9f3c39d1dc850dd43af8a16737c288d0, type: 3}
  m_PrefabInternal: {fileID: 919323175}
--- !u!1 &966053426
GameObject:
  m_ObjectHideFlags: 0
  m_PrefabParentObject: {fileID: 102118, guid: a02dee690487aa043a0dc4c927bc127a, type: 2}
  m_PrefabInternal: {fileID: 0}
  serializedVersion: 4
  m_Component:
  - 224: {fileID: 966053427}
  - 222: {fileID: 966053429}
  - 114: {fileID: 966053428}
  m_Layer: 5
  m_Name: Bottom
  m_TagString: Untagged
  m_Icon: {fileID: 0}
  m_NavMeshLayer: 0
  m_StaticEditorFlags: 0
  m_IsActive: 1
--- !u!224 &966053427
RectTransform:
  m_ObjectHideFlags: 0
  m_PrefabParentObject: {fileID: 22462898, guid: a02dee690487aa043a0dc4c927bc127a,
    type: 2}
  m_PrefabInternal: {fileID: 0}
  m_GameObject: {fileID: 966053426}
  m_LocalRotation: {x: 0, y: 0, z: 0, w: 1}
  m_LocalPosition: {x: 0, y: 0, z: 0}
  m_LocalScale: {x: 1, y: 1, z: 1}
  m_Children: []
  m_Father: {fileID: 1696381836}
  m_RootOrder: 1
  m_AnchorMin: {x: 0, y: 0}
  m_AnchorMax: {x: 1, y: 0}
  m_AnchoredPosition: {x: 0, y: 0}
  m_SizeDelta: {x: 0, y: 100}
  m_Pivot: {x: 0.5, y: 0}
--- !u!114 &966053428
MonoBehaviour:
  m_ObjectHideFlags: 0
  m_PrefabParentObject: {fileID: 11437736, guid: a02dee690487aa043a0dc4c927bc127a,
    type: 2}
  m_PrefabInternal: {fileID: 0}
  m_GameObject: {fileID: 966053426}
  m_Enabled: 1
  m_EditorHideFlags: 0
  m_Script: {fileID: -765806418, guid: f5f67c52d1564df4a8936ccd202a3bd8, type: 3}
  m_Name: 
  m_EditorClassIdentifier: 
  m_Material: {fileID: 0}
  m_Color: {r: 0, g: 0, b: 0, a: 1}
  m_RaycastTarget: 1
  m_OnCullStateChanged:
    m_PersistentCalls:
      m_Calls: []
    m_TypeName: UnityEngine.UI.MaskableGraphic+CullStateChangedEvent, UnityEngine.UI,
      Version=1.0.0.0, Culture=neutral, PublicKeyToken=null
  m_Sprite: {fileID: 0}
  m_Type: 0
  m_PreserveAspect: 0
  m_FillCenter: 1
  m_FillMethod: 4
  m_FillAmount: 1
  m_FillClockwise: 1
  m_FillOrigin: 0
--- !u!222 &966053429
CanvasRenderer:
  m_ObjectHideFlags: 0
  m_PrefabParentObject: {fileID: 22279322, guid: a02dee690487aa043a0dc4c927bc127a,
    type: 2}
  m_PrefabInternal: {fileID: 0}
  m_GameObject: {fileID: 966053426}
--- !u!1 &1015573127
GameObject:
  m_ObjectHideFlags: 0
  m_PrefabParentObject: {fileID: 158952, guid: 12af2dd1a6025a147b633a79aeb1b923, type: 2}
  m_PrefabInternal: {fileID: 0}
  serializedVersion: 4
  m_Component:
  - 4: {fileID: 1015573129}
  - 114: {fileID: 1015573128}
  m_Layer: 0
  m_Name: CameraRoot
  m_TagString: Untagged
  m_Icon: {fileID: 0}
  m_NavMeshLayer: 0
  m_StaticEditorFlags: 0
  m_IsActive: 1
--- !u!114 &1015573128
MonoBehaviour:
  m_ObjectHideFlags: 0
  m_PrefabParentObject: {fileID: 11470038, guid: 12af2dd1a6025a147b633a79aeb1b923,
    type: 2}
  m_PrefabInternal: {fileID: 0}
  m_GameObject: {fileID: 1015573127}
  m_Enabled: 1
  m_EditorHideFlags: 0
  m_Script: {fileID: 11500000, guid: a7b78b73dbed30547b2a7cd1c9812bb2, type: 3}
  m_Name: 
  m_EditorClassIdentifier: 
  target: {fileID: 355331679}
  bounds:
    m_Center: {x: -53, y: 0, z: 10.46}
    m_Extent: {x: 37.84, y: 2.56, z: 2.47}
  damping: 17
  wobbleX:
    serializedVersion: 2
    m_Curve:
    - time: 0
      value: 0.0042918455
      inSlope: 1.2582872
      outSlope: 1.2582872
      tangentMode: 10
    - time: 0.205665
      value: 0.26307747
      inSlope: 0.21364564
      outSlope: 0.21364564
      tangentMode: 10
    - time: 0.7067231
      value: -0.15329978
      inSlope: -0.15523416
      outSlope: -0.15523416
      tangentMode: 10
    - time: 1.0012316
      value: 0
      inSlope: 0.5205276
      outSlope: 0.5205276
      tangentMode: 10
    m_PreInfinity: 2
    m_PostInfinity: 2
    m_RotationOrder: 0
  wobbleY:
    serializedVersion: 2
    m_Curve:
    - time: -0.05049261
      value: 0.0021450077
      inSlope: -1.0933236
      outSlope: -1.0933236
      tangentMode: 10
    - time: 0.17364533
      value: -0.2429103
      inSlope: 0.0015660524
      outSlope: 0.0015660524
      tangentMode: 10
    - time: 0.6983063
      value: 0.33235723
      inSlope: -0.002592504
      outSlope: -0.002592504
      tangentMode: 10
    - time: 1.0000001
      value: -0.00000091502443
      inSlope: -1.1016407
      outSlope: -1.1016407
      tangentMode: 10
    m_PreInfinity: 2
    m_PostInfinity: 2
    m_RotationOrder: 0
  wobbleZ:
    serializedVersion: 2
    m_Curve:
    - time: -0.04802957
      value: -0.000001080558
      inSlope: -0.71700597
      outSlope: -0.71700597
      tangentMode: 10
    - time: 0.5012315
      value: -0.39382455
      inSlope: 0.03414166
      outSlope: 0.03414166
      tangentMode: 10
    - time: 1
      value: -0.0021470033
      inSlope: 0.7852893
      outSlope: 0.7852893
      tangentMode: 10
    m_PreInfinity: 2
    m_PostInfinity: 2
    m_RotationOrder: 0
--- !u!4 &1015573129
Transform:
  m_ObjectHideFlags: 0
  m_PrefabParentObject: {fileID: 459658, guid: 12af2dd1a6025a147b633a79aeb1b923, type: 2}
  m_PrefabInternal: {fileID: 0}
  m_GameObject: {fileID: 1015573127}
  m_LocalRotation: {x: 0, y: 0, z: 0, w: 1}
  m_LocalPosition: {x: -1.8200011, y: 2.13, z: -9.9999485}
  m_LocalScale: {x: 1, y: 1, z: 1}
  m_Children:
  - {fileID: 584256917}
  m_Father: {fileID: 0}
  m_RootOrder: 4
--- !u!1 &1025942099
GameObject:
  m_ObjectHideFlags: 0
  m_PrefabParentObject: {fileID: 0}
  m_PrefabInternal: {fileID: 0}
  serializedVersion: 4
  m_Component:
  - 4: {fileID: 1025942103}
  - 33: {fileID: 1025942102}
  - 23: {fileID: 1025942101}
  - 65: {fileID: 1025942100}
  m_Layer: 0
  m_Name: Ground (1)
  m_TagString: Ground
  m_Icon: {fileID: 0}
  m_NavMeshLayer: 0
  m_StaticEditorFlags: 0
  m_IsActive: 1
--- !u!65 &1025942100
BoxCollider:
  m_ObjectHideFlags: 0
  m_PrefabParentObject: {fileID: 0}
  m_PrefabInternal: {fileID: 0}
  m_GameObject: {fileID: 1025942099}
  m_Material: {fileID: 0}
  m_IsTrigger: 1
  m_Enabled: 1
  serializedVersion: 2
  m_Size: {x: 1, y: 1, z: 1}
  m_Center: {x: 0, y: 0, z: 0}
--- !u!23 &1025942101
MeshRenderer:
  m_ObjectHideFlags: 0
  m_PrefabParentObject: {fileID: 0}
  m_PrefabInternal: {fileID: 0}
  m_GameObject: {fileID: 1025942099}
  m_Enabled: 1
  m_CastShadows: 1
  m_ReceiveShadows: 1
  m_Materials:
  - {fileID: 2100000, guid: bd83ad5667ac9e643803c9d8a19e0ed7, type: 2}
  m_SubsetIndices: 
  m_StaticBatchRoot: {fileID: 0}
  m_UseLightProbes: 1
  m_ReflectionProbeUsage: 1
  m_ProbeAnchor: {fileID: 0}
  m_ScaleInLightmap: 1
  m_PreserveUVs: 1
  m_IgnoreNormalsForChartDetection: 0
  m_ImportantGI: 0
  m_MinimumChartSize: 4
  m_AutoUVMaxDistance: 0.5
  m_AutoUVMaxAngle: 89
  m_LightmapParameters: {fileID: 0}
  m_SortingLayerID: 0
  m_SortingOrder: 0
--- !u!33 &1025942102
MeshFilter:
  m_ObjectHideFlags: 0
  m_PrefabParentObject: {fileID: 0}
  m_PrefabInternal: {fileID: 0}
  m_GameObject: {fileID: 1025942099}
  m_Mesh: {fileID: 10202, guid: 0000000000000000e000000000000000, type: 0}
--- !u!4 &1025942103
Transform:
  m_ObjectHideFlags: 0
  m_PrefabParentObject: {fileID: 0}
  m_PrefabInternal: {fileID: 0}
  m_GameObject: {fileID: 1025942099}
  m_LocalRotation: {x: 0, y: 0, z: 0, w: 1}
  m_LocalPosition: {x: 260, y: 10.99, z: 0}
  m_LocalScale: {x: 600, y: 9.517126, z: 2.0133998}
  m_Children: []
  m_Father: {fileID: 0}
  m_RootOrder: 12
--- !u!224 &1031010445 stripped
RectTransform:
  m_PrefabParentObject: {fileID: 22415532, guid: cafd3c12f7f647e4faaeb12fab2163f7,
    type: 2}
  m_PrefabInternal: {fileID: 1803406121}
--- !u!1 &1139285169
GameObject:
  m_ObjectHideFlags: 0
  m_PrefabParentObject: {fileID: 0}
  m_PrefabInternal: {fileID: 0}
  serializedVersion: 4
  m_Component:
  - 4: {fileID: 1139285171}
  - 114: {fileID: 1139285170}
  m_Layer: 0
  m_Name: Backgrounds
  m_TagString: Untagged
  m_Icon: {fileID: 0}
  m_NavMeshLayer: 0
  m_StaticEditorFlags: 0
  m_IsActive: 1
--- !u!114 &1139285170
MonoBehaviour:
  m_ObjectHideFlags: 0
  m_PrefabParentObject: {fileID: 0}
  m_PrefabInternal: {fileID: 0}
  m_GameObject: {fileID: 1139285169}
  m_Enabled: 1
  m_EditorHideFlags: 0
  m_Script: {fileID: 11500000, guid: 0606ce72345deef40ba6d42baeb364c9, type: 3}
  m_Name: 
  m_EditorClassIdentifier: 
  backgrounds:
  - confession: 0
    background: {fileID: 624633985}
  - confession: 1
    background: {fileID: 1679548780}
  - confession: 2
    background: {fileID: 919323176}
--- !u!4 &1139285171
Transform:
  m_ObjectHideFlags: 0
  m_PrefabParentObject: {fileID: 0}
  m_PrefabInternal: {fileID: 0}
  m_GameObject: {fileID: 1139285169}
  m_LocalRotation: {x: 0, y: 0, z: 0, w: 1}
  m_LocalPosition: {x: 0, y: 0, z: 0}
  m_LocalScale: {x: 1, y: 1, z: 1}
  m_Children:
  - {fileID: 624633984}
  - {fileID: 1679548779}
  - {fileID: 919323177}
  m_Father: {fileID: 0}
  m_RootOrder: 2
--- !u!1 &1158007916
GameObject:
  m_ObjectHideFlags: 0
  m_PrefabParentObject: {fileID: 0}
  m_PrefabInternal: {fileID: 0}
  serializedVersion: 4
  m_Component:
  - 4: {fileID: 1158007919}
  - 65: {fileID: 1158007918}
  m_Layer: 0
  m_Name: EndOfRitual
  m_TagString: EndOfRitual
  m_Icon: {fileID: 0}
  m_NavMeshLayer: 0
  m_StaticEditorFlags: 0
  m_IsActive: 1
--- !u!65 &1158007918
BoxCollider:
  m_ObjectHideFlags: 0
  m_PrefabParentObject: {fileID: 0}
  m_PrefabInternal: {fileID: 0}
  m_GameObject: {fileID: 1158007916}
  m_Material: {fileID: 0}
  m_IsTrigger: 1
  m_Enabled: 1
  serializedVersion: 2
  m_Size: {x: 1, y: 1, z: 1}
  m_Center: {x: 0, y: 0, z: 0}
--- !u!4 &1158007919
Transform:
  m_ObjectHideFlags: 0
  m_PrefabParentObject: {fileID: 0}
  m_PrefabInternal: {fileID: 0}
  m_GameObject: {fileID: 1158007916}
  m_LocalRotation: {x: 0, y: 0, z: 0, w: 1}
  m_LocalPosition: {x: 373, y: 1.3, z: 21.788818}
  m_LocalScale: {x: -26.422983, y: 47.58421, z: 94.08027}
  m_Children: []
  m_Father: {fileID: 0}
  m_RootOrder: 10
--- !u!1001 &1176686440
Prefab:
  m_ObjectHideFlags: 0
  serializedVersion: 2
  m_Modification:
    m_TransformParent: {fileID: 1827516147}
    m_Modifications:
    - target: {fileID: 22471992, guid: 40c0af958018b2644a1397edaba1ad29, type: 2}
      propertyPath: m_LocalPosition.x
      value: 0
      objectReference: {fileID: 0}
    - target: {fileID: 22471992, guid: 40c0af958018b2644a1397edaba1ad29, type: 2}
      propertyPath: m_LocalPosition.y
      value: 0
      objectReference: {fileID: 0}
    - target: {fileID: 22471992, guid: 40c0af958018b2644a1397edaba1ad29, type: 2}
      propertyPath: m_LocalPosition.z
      value: 0
      objectReference: {fileID: 0}
    - target: {fileID: 22471992, guid: 40c0af958018b2644a1397edaba1ad29, type: 2}
      propertyPath: m_LocalRotation.x
      value: 0
      objectReference: {fileID: 0}
    - target: {fileID: 22471992, guid: 40c0af958018b2644a1397edaba1ad29, type: 2}
      propertyPath: m_LocalRotation.y
      value: 0
      objectReference: {fileID: 0}
    - target: {fileID: 22471992, guid: 40c0af958018b2644a1397edaba1ad29, type: 2}
      propertyPath: m_LocalRotation.z
      value: 0
      objectReference: {fileID: 0}
    - target: {fileID: 22471992, guid: 40c0af958018b2644a1397edaba1ad29, type: 2}
      propertyPath: m_LocalRotation.w
      value: 1
      objectReference: {fileID: 0}
    - target: {fileID: 22471992, guid: 40c0af958018b2644a1397edaba1ad29, type: 2}
      propertyPath: m_RootOrder
      value: 0
      objectReference: {fileID: 0}
    - target: {fileID: 22471992, guid: 40c0af958018b2644a1397edaba1ad29, type: 2}
      propertyPath: m_AnchoredPosition.x
      value: 0
      objectReference: {fileID: 0}
    - target: {fileID: 22471992, guid: 40c0af958018b2644a1397edaba1ad29, type: 2}
      propertyPath: m_AnchoredPosition.y
      value: 0
      objectReference: {fileID: 0}
    - target: {fileID: 22471992, guid: 40c0af958018b2644a1397edaba1ad29, type: 2}
      propertyPath: m_SizeDelta.x
      value: 0
      objectReference: {fileID: 0}
    - target: {fileID: 22471992, guid: 40c0af958018b2644a1397edaba1ad29, type: 2}
      propertyPath: m_SizeDelta.y
      value: 0
      objectReference: {fileID: 0}
    - target: {fileID: 22471992, guid: 40c0af958018b2644a1397edaba1ad29, type: 2}
      propertyPath: m_AnchorMin.x
      value: 0
      objectReference: {fileID: 0}
    - target: {fileID: 22471992, guid: 40c0af958018b2644a1397edaba1ad29, type: 2}
      propertyPath: m_AnchorMin.y
      value: 0
      objectReference: {fileID: 0}
    - target: {fileID: 22471992, guid: 40c0af958018b2644a1397edaba1ad29, type: 2}
      propertyPath: m_AnchorMax.x
      value: 1
      objectReference: {fileID: 0}
    - target: {fileID: 22471992, guid: 40c0af958018b2644a1397edaba1ad29, type: 2}
      propertyPath: m_AnchorMax.y
      value: 1
      objectReference: {fileID: 0}
    - target: {fileID: 22471992, guid: 40c0af958018b2644a1397edaba1ad29, type: 2}
      propertyPath: m_Pivot.x
      value: 0.5
      objectReference: {fileID: 0}
    - target: {fileID: 22471992, guid: 40c0af958018b2644a1397edaba1ad29, type: 2}
      propertyPath: m_Pivot.y
      value: 0.5
      objectReference: {fileID: 0}
    m_RemovedComponents: []
  m_ParentPrefab: {fileID: 100100000, guid: 40c0af958018b2644a1397edaba1ad29, type: 2}
  m_IsPrefabParent: 0
--- !u!224 &1176686441 stripped
RectTransform:
  m_PrefabParentObject: {fileID: 22471992, guid: 40c0af958018b2644a1397edaba1ad29,
    type: 2}
  m_PrefabInternal: {fileID: 1176686440}
--- !u!114 &1176686442 stripped
MonoBehaviour:
  m_PrefabParentObject: {fileID: 11448710, guid: 40c0af958018b2644a1397edaba1ad29,
    type: 2}
  m_PrefabInternal: {fileID: 1176686440}
  m_Script: {fileID: 11500000, guid: 8950e059680ea3a4ba8cbba2102a1995, type: 3}
--- !u!114 &1176686443 stripped
MonoBehaviour:
  m_PrefabParentObject: {fileID: 11469904, guid: 40c0af958018b2644a1397edaba1ad29,
    type: 2}
  m_PrefabInternal: {fileID: 1176686440}
  m_Script: {fileID: 11500000, guid: 8950e059680ea3a4ba8cbba2102a1995, type: 3}
--- !u!114 &1176686444 stripped
MonoBehaviour:
  m_PrefabParentObject: {fileID: 11410188, guid: 40c0af958018b2644a1397edaba1ad29,
    type: 2}
  m_PrefabInternal: {fileID: 1176686440}
  m_Script: {fileID: 11500000, guid: 8950e059680ea3a4ba8cbba2102a1995, type: 3}
--- !u!1 &1398232523
GameObject:
  m_ObjectHideFlags: 0
  m_PrefabParentObject: {fileID: 0}
  m_PrefabInternal: {fileID: 0}
  serializedVersion: 4
  m_Component:
  - 4: {fileID: 1398232525}
  - 108: {fileID: 1398232524}
  m_Layer: 0
  m_Name: Directional Light
  m_TagString: Untagged
  m_Icon: {fileID: 0}
  m_NavMeshLayer: 0
  m_StaticEditorFlags: 0
  m_IsActive: 1
--- !u!108 &1398232524
Light:
  m_ObjectHideFlags: 0
  m_PrefabParentObject: {fileID: 0}
  m_PrefabInternal: {fileID: 0}
  m_GameObject: {fileID: 1398232523}
  m_Enabled: 1
  serializedVersion: 6
  m_Type: 1
  m_Color: {r: 1, g: 0.95686275, b: 0.8392157, a: 1}
  m_Intensity: 1
  m_Range: 10
  m_SpotAngle: 30
  m_CookieSize: 10
  m_Shadows:
    m_Type: 2
    m_Resolution: -1
    m_Strength: 1
    m_Bias: 0.05
    m_NormalBias: 0.4
    m_NearPlane: 0.2
  m_Cookie: {fileID: 0}
  m_DrawHalo: 0
  m_Flare: {fileID: 0}
  m_RenderMode: 0
  m_CullingMask:
    serializedVersion: 2
    m_Bits: 4294967295
  m_Lightmapping: 4
  m_BounceIntensity: 1
  m_ShadowRadius: 0
  m_ShadowAngle: 0
  m_AreaSize: {x: 1, y: 1}
--- !u!4 &1398232525
Transform:
  m_ObjectHideFlags: 0
  m_PrefabParentObject: {fileID: 0}
  m_PrefabInternal: {fileID: 0}
  m_GameObject: {fileID: 1398232523}
  m_LocalRotation: {x: 0.40821794, y: -0.23456973, z: 0.109381676, w: 0.87542605}
  m_LocalPosition: {x: 0, y: 3, z: 0}
  m_LocalScale: {x: 1, y: 1, z: 1}
  m_Children: []
  m_Father: {fileID: 0}
  m_RootOrder: 1
--- !u!1001 &1409424974
Prefab:
  m_ObjectHideFlags: 0
  serializedVersion: 2
  m_Modification:
    m_TransformParent: {fileID: 0}
    m_Modifications:
    - target: {fileID: 484890, guid: 4b8b631d00e78e84981d296c62b8a753, type: 2}
      propertyPath: m_LocalPosition.x
      value: 0
      objectReference: {fileID: 0}
    - target: {fileID: 484890, guid: 4b8b631d00e78e84981d296c62b8a753, type: 2}
      propertyPath: m_LocalPosition.y
      value: 0
      objectReference: {fileID: 0}
    - target: {fileID: 484890, guid: 4b8b631d00e78e84981d296c62b8a753, type: 2}
      propertyPath: m_LocalPosition.z
      value: 0
      objectReference: {fileID: 0}
    - target: {fileID: 484890, guid: 4b8b631d00e78e84981d296c62b8a753, type: 2}
      propertyPath: m_LocalRotation.x
      value: 0
      objectReference: {fileID: 0}
    - target: {fileID: 484890, guid: 4b8b631d00e78e84981d296c62b8a753, type: 2}
      propertyPath: m_LocalRotation.y
      value: 0
      objectReference: {fileID: 0}
    - target: {fileID: 484890, guid: 4b8b631d00e78e84981d296c62b8a753, type: 2}
      propertyPath: m_LocalRotation.z
      value: 0
      objectReference: {fileID: 0}
    - target: {fileID: 484890, guid: 4b8b631d00e78e84981d296c62b8a753, type: 2}
      propertyPath: m_LocalRotation.w
      value: 1
      objectReference: {fileID: 0}
    - target: {fileID: 484890, guid: 4b8b631d00e78e84981d296c62b8a753, type: 2}
      propertyPath: m_RootOrder
      value: 11
      objectReference: {fileID: 0}
    m_RemovedComponents: []
  m_ParentPrefab: {fileID: 100100000, guid: 4b8b631d00e78e84981d296c62b8a753, type: 2}
  m_IsPrefabParent: 0
--- !u!114 &1409424975 stripped
MonoBehaviour:
  m_PrefabParentObject: {fileID: 11465920, guid: 4b8b631d00e78e84981d296c62b8a753,
    type: 2}
  m_PrefabInternal: {fileID: 1409424974}
  m_Script: {fileID: 11500000, guid: 4d4a1cc8999be654dbd454ae0312ae42, type: 3}
--- !u!1 &1620437046 stripped
GameObject:
  m_PrefabParentObject: {fileID: 150366, guid: 1d44b533cc1d7bb44a48b49b91bd9c37, type: 2}
  m_PrefabInternal: {fileID: 808742136}
--- !u!81 &1620437048
AudioListener:
  m_ObjectHideFlags: 0
  m_PrefabParentObject: {fileID: 0}
  m_PrefabInternal: {fileID: 0}
  m_GameObject: {fileID: 1620437046}
  m_Enabled: 1
--- !u!114 &1626083922
MonoBehaviour:
  m_ObjectHideFlags: 0
  m_PrefabParentObject: {fileID: 11416188, guid: a02dee690487aa043a0dc4c927bc127a,
    type: 2}
  m_PrefabInternal: {fileID: 0}
  m_GameObject: {fileID: 232645230}
  m_Enabled: 1
  m_EditorHideFlags: 0
  m_Script: {fileID: 708705254, guid: f5f67c52d1564df4a8936ccd202a3bd8, type: 3}
  m_Name: 
  m_EditorClassIdentifier: 
  m_Material: {fileID: 0}
  m_Color: {r: 1, g: 1, b: 1, a: 1}
  m_RaycastTarget: 1
  m_OnCullStateChanged:
    m_PersistentCalls:
      m_Calls: []
    m_TypeName: UnityEngine.UI.MaskableGraphic+CullStateChangedEvent, UnityEngine.UI,
      Version=1.0.0.0, Culture=neutral, PublicKeyToken=null
  m_FontData:
    m_Font: {fileID: 12800000, guid: 17563958269d3704d881a11edc559229, type: 3}
    m_FontSize: 189
    m_FontStyle: 0
    m_BestFit: 0
    m_MinSize: 10
    m_MaxSize: 225
    m_Alignment: 4
    m_AlignByGeometry: 0
    m_RichText: 1
    m_HorizontalOverflow: 0
    m_VerticalOverflow: 0
    m_LineSpacing: 1
  m_Text: 
--- !u!1 &1671292704
GameObject:
  m_ObjectHideFlags: 0
  m_PrefabParentObject: {fileID: 131084, guid: a02dee690487aa043a0dc4c927bc127a, type: 2}
  m_PrefabInternal: {fileID: 0}
  serializedVersion: 4
  m_Component:
  - 224: {fileID: 1671292705}
  m_Layer: 5
  m_Name: Start
  m_TagString: Untagged
  m_Icon: {fileID: 0}
  m_NavMeshLayer: 0
  m_StaticEditorFlags: 0
  m_IsActive: 1
--- !u!224 &1671292705
RectTransform:
  m_ObjectHideFlags: 0
  m_PrefabParentObject: {fileID: 22472634, guid: a02dee690487aa043a0dc4c927bc127a,
    type: 2}
  m_PrefabInternal: {fileID: 0}
  m_GameObject: {fileID: 1671292704}
  m_LocalRotation: {x: 0, y: 0, z: 0, w: 1}
  m_LocalPosition: {x: 0, y: 0, z: 0}
  m_LocalScale: {x: 1, y: 1, z: 1}
  m_Children: []
  m_Father: {fileID: 1827516147}
  m_RootOrder: 5
  m_AnchorMin: {x: 0.5, y: 0.5}
  m_AnchorMax: {x: 0.5, y: 0.5}
  m_AnchoredPosition: {x: 0, y: 0}
  m_SizeDelta: {x: 100, y: 100}
  m_Pivot: {x: 0.5, y: 0.5}
--- !u!1001 &1679548778
Prefab:
  m_ObjectHideFlags: 0
  serializedVersion: 2
  m_Modification:
    m_TransformParent: {fileID: 1139285171}
    m_Modifications:
    - target: {fileID: 400000, guid: 9f3c39d1dc850dd43af8a16737c288d0, type: 3}
      propertyPath: m_LocalPosition.x
      value: -49.5
      objectReference: {fileID: 0}
    - target: {fileID: 400000, guid: 9f3c39d1dc850dd43af8a16737c288d0, type: 3}
      propertyPath: m_LocalPosition.y
      value: 3.3
      objectReference: {fileID: 0}
    - target: {fileID: 400000, guid: 9f3c39d1dc850dd43af8a16737c288d0, type: 3}
      propertyPath: m_LocalPosition.z
      value: 10.7
      objectReference: {fileID: 0}
    - target: {fileID: 400000, guid: 9f3c39d1dc850dd43af8a16737c288d0, type: 3}
      propertyPath: m_LocalRotation.x
      value: 0
      objectReference: {fileID: 0}
    - target: {fileID: 400000, guid: 9f3c39d1dc850dd43af8a16737c288d0, type: 3}
      propertyPath: m_LocalRotation.y
      value: 1
      objectReference: {fileID: 0}
    - target: {fileID: 400000, guid: 9f3c39d1dc850dd43af8a16737c288d0, type: 3}
      propertyPath: m_LocalRotation.z
      value: 0
      objectReference: {fileID: 0}
    - target: {fileID: 400000, guid: 9f3c39d1dc850dd43af8a16737c288d0, type: 3}
      propertyPath: m_LocalRotation.w
      value: -0.00000016292068
      objectReference: {fileID: 0}
    - target: {fileID: 400000, guid: 9f3c39d1dc850dd43af8a16737c288d0, type: 3}
      propertyPath: m_RootOrder
      value: 1
      objectReference: {fileID: 0}
    - target: {fileID: 400000, guid: 9f3c39d1dc850dd43af8a16737c288d0, type: 3}
      propertyPath: m_LocalScale.x
      value: 30.790104
      objectReference: {fileID: 0}
    - target: {fileID: 400000, guid: 9f3c39d1dc850dd43af8a16737c288d0, type: 3}
      propertyPath: m_LocalScale.y
      value: 30.790102
      objectReference: {fileID: 0}
    - target: {fileID: 400000, guid: 9f3c39d1dc850dd43af8a16737c288d0, type: 3}
      propertyPath: m_LocalScale.z
      value: 30.790102
      objectReference: {fileID: 0}
    - target: {fileID: 400002, guid: 9f3c39d1dc850dd43af8a16737c288d0, type: 3}
      propertyPath: m_LocalScale.x
      value: 0.52341264
      objectReference: {fileID: 0}
    - target: {fileID: 400002, guid: 9f3c39d1dc850dd43af8a16737c288d0, type: 3}
      propertyPath: m_LocalScale.y
      value: 1.0844982
      objectReference: {fileID: 0}
    - target: {fileID: 400002, guid: 9f3c39d1dc850dd43af8a16737c288d0, type: 3}
      propertyPath: m_LocalScale.z
      value: 0.5234127
      objectReference: {fileID: 0}
    - target: {fileID: 400002, guid: 9f3c39d1dc850dd43af8a16737c288d0, type: 3}
      propertyPath: m_LocalPosition.y
      value: -0.005
      objectReference: {fileID: 0}
    - target: {fileID: 400004, guid: 9f3c39d1dc850dd43af8a16737c288d0, type: 3}
      propertyPath: m_LocalPosition.y
      value: -0.024
      objectReference: {fileID: 0}
    - target: {fileID: 400004, guid: 9f3c39d1dc850dd43af8a16737c288d0, type: 3}
      propertyPath: m_LocalScale.x
      value: 1.4552329
      objectReference: {fileID: 0}
    - target: {fileID: 400004, guid: 9f3c39d1dc850dd43af8a16737c288d0, type: 3}
      propertyPath: m_LocalScale.y
      value: 3.0152059
      objectReference: {fileID: 0}
    - target: {fileID: 400004, guid: 9f3c39d1dc850dd43af8a16737c288d0, type: 3}
      propertyPath: m_LocalScale.z
      value: 1.4552326
      objectReference: {fileID: 0}
    - target: {fileID: 400004, guid: 9f3c39d1dc850dd43af8a16737c288d0, type: 3}
      propertyPath: m_LocalPosition.x
      value: -2.747
      objectReference: {fileID: 0}
    - target: {fileID: 400004, guid: 9f3c39d1dc850dd43af8a16737c288d0, type: 3}
      propertyPath: m_LocalPosition.z
      value: -0.084
      objectReference: {fileID: 0}
    - target: {fileID: 400006, guid: 9f3c39d1dc850dd43af8a16737c288d0, type: 3}
      propertyPath: m_LocalPosition.y
      value: -0.034
      objectReference: {fileID: 0}
    - target: {fileID: 400002, guid: 9f3c39d1dc850dd43af8a16737c288d0, type: 3}
      propertyPath: m_LocalPosition.x
      value: -2.725
      objectReference: {fileID: 0}
    - target: {fileID: 400002, guid: 9f3c39d1dc850dd43af8a16737c288d0, type: 3}
      propertyPath: m_LocalPosition.z
      value: 0.308
      objectReference: {fileID: 0}
    - target: {fileID: 400006, guid: 9f3c39d1dc850dd43af8a16737c288d0, type: 3}
      propertyPath: m_LocalPosition.x
      value: -2.747
      objectReference: {fileID: 0}
    - target: {fileID: 400006, guid: 9f3c39d1dc850dd43af8a16737c288d0, type: 3}
      propertyPath: m_LocalPosition.z
      value: 0.014
      objectReference: {fileID: 0}
    - target: {fileID: 100000, guid: 9f3c39d1dc850dd43af8a16737c288d0, type: 3}
      propertyPath: m_Name
      value: Back Nord
      objectReference: {fileID: 0}
    - target: {fileID: 100004, guid: 9f3c39d1dc850dd43af8a16737c288d0, type: 3}
      propertyPath: m_IsActive
      value: 1
      objectReference: {fileID: 0}
    m_RemovedComponents: []
  m_ParentPrefab: {fileID: 100100000, guid: 9f3c39d1dc850dd43af8a16737c288d0, type: 3}
  m_IsPrefabParent: 0
--- !u!4 &1679548779 stripped
Transform:
  m_PrefabParentObject: {fileID: 400000, guid: 9f3c39d1dc850dd43af8a16737c288d0, type: 3}
  m_PrefabInternal: {fileID: 1679548778}
--- !u!1 &1679548780 stripped
GameObject:
  m_PrefabParentObject: {fileID: 100000, guid: 9f3c39d1dc850dd43af8a16737c288d0, type: 3}
  m_PrefabInternal: {fileID: 1679548778}
--- !u!1 &1696381835
GameObject:
  m_ObjectHideFlags: 0
  m_PrefabParentObject: {fileID: 120826, guid: a02dee690487aa043a0dc4c927bc127a, type: 2}
  m_PrefabInternal: {fileID: 0}
  serializedVersion: 4
  m_Component:
  - 224: {fileID: 1696381836}
  m_Layer: 5
  m_Name: "\u0421acher"
  m_TagString: Untagged
  m_Icon: {fileID: 0}
  m_NavMeshLayer: 0
  m_StaticEditorFlags: 0
  m_IsActive: 1
--- !u!224 &1696381836
RectTransform:
  m_ObjectHideFlags: 0
  m_PrefabParentObject: {fileID: 22403744, guid: a02dee690487aa043a0dc4c927bc127a,
    type: 2}
  m_PrefabInternal: {fileID: 0}
  m_GameObject: {fileID: 1696381835}
  m_LocalRotation: {x: 0, y: 0, z: 0, w: 1}
  m_LocalPosition: {x: 0, y: 0, z: 0}
  m_LocalScale: {x: 1, y: 1, z: 1}
  m_Children:
  - {fileID: 461501973}
  - {fileID: 966053427}
  m_Father: {fileID: 1827516147}
  m_RootOrder: 3
  m_AnchorMin: {x: 0, y: 0}
  m_AnchorMax: {x: 1, y: 1}
  m_AnchoredPosition: {x: 0, y: 0}
  m_SizeDelta: {x: 0, y: 0}
  m_Pivot: {x: 0.5, y: 0.5}
--- !u!1001 &1803406121
Prefab:
  m_ObjectHideFlags: 0
  serializedVersion: 2
  m_Modification:
    m_TransformParent: {fileID: 30326879}
    m_Modifications:
    - target: {fileID: 22415532, guid: cafd3c12f7f647e4faaeb12fab2163f7, type: 2}
      propertyPath: m_LocalPosition.x
      value: 0
      objectReference: {fileID: 0}
    - target: {fileID: 22415532, guid: cafd3c12f7f647e4faaeb12fab2163f7, type: 2}
      propertyPath: m_LocalPosition.y
      value: 0
      objectReference: {fileID: 0}
    - target: {fileID: 22415532, guid: cafd3c12f7f647e4faaeb12fab2163f7, type: 2}
      propertyPath: m_LocalPosition.z
      value: 0
      objectReference: {fileID: 0}
    - target: {fileID: 22415532, guid: cafd3c12f7f647e4faaeb12fab2163f7, type: 2}
      propertyPath: m_LocalRotation.x
      value: 0
      objectReference: {fileID: 0}
    - target: {fileID: 22415532, guid: cafd3c12f7f647e4faaeb12fab2163f7, type: 2}
      propertyPath: m_LocalRotation.y
      value: 0
      objectReference: {fileID: 0}
    - target: {fileID: 22415532, guid: cafd3c12f7f647e4faaeb12fab2163f7, type: 2}
      propertyPath: m_LocalRotation.z
      value: 0
      objectReference: {fileID: 0}
    - target: {fileID: 22415532, guid: cafd3c12f7f647e4faaeb12fab2163f7, type: 2}
      propertyPath: m_LocalRotation.w
      value: 1
      objectReference: {fileID: 0}
    - target: {fileID: 22415532, guid: cafd3c12f7f647e4faaeb12fab2163f7, type: 2}
      propertyPath: m_RootOrder
      value: 0
      objectReference: {fileID: 0}
    - target: {fileID: 22415532, guid: cafd3c12f7f647e4faaeb12fab2163f7, type: 2}
      propertyPath: m_AnchoredPosition.x
      value: 0
      objectReference: {fileID: 0}
    - target: {fileID: 22415532, guid: cafd3c12f7f647e4faaeb12fab2163f7, type: 2}
      propertyPath: m_AnchoredPosition.y
      value: 87.9
      objectReference: {fileID: 0}
    - target: {fileID: 22415532, guid: cafd3c12f7f647e4faaeb12fab2163f7, type: 2}
      propertyPath: m_SizeDelta.x
      value: 0
      objectReference: {fileID: 0}
    - target: {fileID: 22415532, guid: cafd3c12f7f647e4faaeb12fab2163f7, type: 2}
      propertyPath: m_SizeDelta.y
      value: 0
      objectReference: {fileID: 0}
    - target: {fileID: 22415532, guid: cafd3c12f7f647e4faaeb12fab2163f7, type: 2}
      propertyPath: m_AnchorMin.x
      value: 0.5
      objectReference: {fileID: 0}
    - target: {fileID: 22415532, guid: cafd3c12f7f647e4faaeb12fab2163f7, type: 2}
      propertyPath: m_AnchorMin.y
      value: 0
      objectReference: {fileID: 0}
    - target: {fileID: 22415532, guid: cafd3c12f7f647e4faaeb12fab2163f7, type: 2}
      propertyPath: m_AnchorMax.x
      value: 0.5
      objectReference: {fileID: 0}
    - target: {fileID: 22415532, guid: cafd3c12f7f647e4faaeb12fab2163f7, type: 2}
      propertyPath: m_AnchorMax.y
      value: 0
      objectReference: {fileID: 0}
    - target: {fileID: 22415532, guid: cafd3c12f7f647e4faaeb12fab2163f7, type: 2}
      propertyPath: m_Pivot.x
      value: 0.5
      objectReference: {fileID: 0}
    - target: {fileID: 22415532, guid: cafd3c12f7f647e4faaeb12fab2163f7, type: 2}
      propertyPath: m_Pivot.y
      value: 0.5
      objectReference: {fileID: 0}
    m_RemovedComponents: []
  m_ParentPrefab: {fileID: 100100000, guid: cafd3c12f7f647e4faaeb12fab2163f7, type: 2}
  m_IsPrefabParent: 0
--- !u!1 &1827516143
GameObject:
  m_ObjectHideFlags: 0
  m_PrefabParentObject: {fileID: 105724, guid: a02dee690487aa043a0dc4c927bc127a, type: 2}
  m_PrefabInternal: {fileID: 0}
  serializedVersion: 4
  m_Component:
  - 224: {fileID: 1827516147}
  - 223: {fileID: 1827516146}
  - 114: {fileID: 1827516145}
  - 114: {fileID: 1827516144}
  m_Layer: 5
  m_Name: Canvas
  m_TagString: Untagged
  m_Icon: {fileID: 0}
  m_NavMeshLayer: 0
  m_StaticEditorFlags: 0
  m_IsActive: 1
--- !u!114 &1827516144
MonoBehaviour:
  m_ObjectHideFlags: 0
  m_PrefabParentObject: {fileID: 11451368, guid: a02dee690487aa043a0dc4c927bc127a,
    type: 2}
  m_PrefabInternal: {fileID: 0}
  m_GameObject: {fileID: 1827516143}
  m_Enabled: 1
  m_EditorHideFlags: 0
  m_Script: {fileID: 1301386320, guid: f5f67c52d1564df4a8936ccd202a3bd8, type: 3}
  m_Name: 
  m_EditorClassIdentifier: 
  m_IgnoreReversedGraphics: 1
  m_BlockingObjects: 0
  m_BlockingMask:
    serializedVersion: 2
    m_Bits: 4294967295
--- !u!114 &1827516145
MonoBehaviour:
  m_ObjectHideFlags: 0
  m_PrefabParentObject: {fileID: 11445554, guid: a02dee690487aa043a0dc4c927bc127a,
    type: 2}
  m_PrefabInternal: {fileID: 0}
  m_GameObject: {fileID: 1827516143}
  m_Enabled: 1
  m_EditorHideFlags: 0
  m_Script: {fileID: 1980459831, guid: f5f67c52d1564df4a8936ccd202a3bd8, type: 3}
  m_Name: 
  m_EditorClassIdentifier: 
  m_UiScaleMode: 1
  m_ReferencePixelsPerUnit: 100
  m_ScaleFactor: 1
  m_ReferenceResolution: {x: 1024, y: 768}
  m_ScreenMatchMode: 0
  m_MatchWidthOrHeight: 1
  m_PhysicalUnit: 3
  m_FallbackScreenDPI: 96
  m_DefaultSpriteDPI: 96
  m_DynamicPixelsPerUnit: 1
--- !u!223 &1827516146
Canvas:
  m_ObjectHideFlags: 0
  m_PrefabParentObject: {fileID: 22346628, guid: a02dee690487aa043a0dc4c927bc127a,
    type: 2}
  m_PrefabInternal: {fileID: 0}
  m_GameObject: {fileID: 1827516143}
  m_Enabled: 1
  serializedVersion: 2
  m_RenderMode: 0
  m_Camera: {fileID: 0}
  m_PlaneDistance: 100
  m_PixelPerfect: 0
  m_ReceivesEvents: 1
  m_OverrideSorting: 0
  m_OverridePixelPerfect: 0
  m_SortingLayerID: 0
  m_SortingOrder: 0
  m_TargetDisplay: 0
--- !u!224 &1827516147
RectTransform:
  m_ObjectHideFlags: 0
  m_PrefabParentObject: {fileID: 22428762, guid: a02dee690487aa043a0dc4c927bc127a,
    type: 2}
  m_PrefabInternal: {fileID: 0}
  m_GameObject: {fileID: 1827516143}
  m_LocalRotation: {x: 0, y: 0, z: 0, w: 1}
  m_LocalPosition: {x: 0, y: 0, z: 0}
  m_LocalScale: {x: 0, y: 0, z: 0}
  m_Children:
  - {fileID: 1176686441}
  - {fileID: 232645231}
  - {fileID: 338243500}
  - {fileID: 1696381836}
  - {fileID: 30326879}
  - {fileID: 1671292705}
  - {fileID: 523912394}
  m_Father: {fileID: 0}
  m_RootOrder: 6
  m_AnchorMin: {x: 0, y: 0}
  m_AnchorMax: {x: 0, y: 0}
  m_AnchoredPosition: {x: 0, y: 0}
  m_SizeDelta: {x: 0, y: 0}
  m_Pivot: {x: 0, y: 0}
--- !u!1 &1829450039
GameObject:
  m_ObjectHideFlags: 0
  m_PrefabParentObject: {fileID: 0}
  m_PrefabInternal: {fileID: 0}
  serializedVersion: 4
  m_Component:
  - 4: {fileID: 1829450042}
  - 65: {fileID: 1829450041}
  m_Layer: 0
  m_Name: EndOfRitual
  m_TagString: EndOfRitual
  m_Icon: {fileID: 0}
  m_NavMeshLayer: 0
  m_StaticEditorFlags: 0
  m_IsActive: 1
--- !u!65 &1829450041
BoxCollider:
  m_ObjectHideFlags: 0
  m_PrefabParentObject: {fileID: 0}
  m_PrefabInternal: {fileID: 0}
  m_GameObject: {fileID: 1829450039}
  m_Material: {fileID: 0}
  m_IsTrigger: 1
  m_Enabled: 1
  serializedVersion: 2
  m_Size: {x: 1, y: 1, z: 1}
  m_Center: {x: 0, y: 0, z: 0}
--- !u!4 &1829450042
Transform:
  m_ObjectHideFlags: 0
  m_PrefabParentObject: {fileID: 0}
  m_PrefabInternal: {fileID: 0}
  m_GameObject: {fileID: 1829450039}
  m_LocalRotation: {x: 0, y: 0, z: 0, w: 1}
  m_LocalPosition: {x: -93.4, y: 1.3, z: 21.788818}
  m_LocalScale: {x: -26.422983, y: 47.58421, z: 94.08027}
  m_Children: []
  m_Father: {fileID: 0}
  m_RootOrder: 9
--- !u!1 &2039226034 stripped
GameObject:
  m_PrefabParentObject: {fileID: 169460, guid: 1d44b533cc1d7bb44a48b49b91bd9c37, type: 2}
  m_PrefabInternal: {fileID: 808742136}
--- !u!81 &2039226036
AudioListener:
  m_ObjectHideFlags: 0
  m_PrefabParentObject: {fileID: 0}
  m_PrefabInternal: {fileID: 0}
  m_GameObject: {fileID: 2039226034}
  m_Enabled: 1
